<?xml version="1.0" encoding="UTF-8"?><collection xmlns="http://www.loc.gov/MARC21/slim"><record><leader>00498nam--2200169-i-4500</leader><controlfield tag="001">000025060</controlfield><controlfield tag="002">20161230</controlfield><controlfield tag="005">20170101232125</controlfield><controlfield tag="008">060222s1000------------r-----000-0-eng-d</controlfield><datafield ind1=" " ind2=" " tag="080"><subfield code="a">530.145.61</subfield></datafield><datafield ind1=" " ind2=" " tag="100"><subfield code="a">Gervat, A</subfield></datafield><datafield ind1=" " ind2=" " tag="245"><subfield code="a">Mecanique quantique.theorie des perturbations mechanique relativiste</subfield></datafield><datafield ind1=" " ind2=" " tag="260"><subfield code="a">Paris, Masson Et C-ie Editeurs</subfield></datafield><datafield ind1=" " ind2=" " tag="490"><subfield code="a">Collection Du Conservatoire National Des Arts Metiers Publiee</subfield></datafield><datafield ind1=" " ind2=" " tag="700"><subfield code="a">Salmon, J</subfield></datafield><datafield ind1=" " ind2=" " tag="852"><subfield code="a">76510</subfield></datafield><datafield ind1=" " ind2=" " tag="CAT"><subfield code="a">SYS</subfield><subfield code="c">20170101</subfield><subfield code="h">232125</subfield></datafield></record></collection>